@INPROCEEDINGS{Star, 
author={Kasneci, G. and Ramanath, M. and Sozio, M. and Suchanek, F.M. and Weikum, G.}, 
booktitle={Data Engineering, 2009. ICDE '09. IEEE 25th International Conference on}, title={STAR: Steiner-Tree Approximation in Relationship Graphs}, 
year={2009}, 
month={29 2009-april 2}, 
volume={}, 
number={}, 
pages={868 -879}, 
keywords={NP-hard problem;STAR;Steiner-tree approximation;Web-extracted entities;biological networks;edge weights;entity-relationship graphs;information systems;knowledge bases;relational data;relationship queries;semantic graph;social online communities;computational complexity;information systems;query processing;trees (mathematics);}, 
doi={10.1109/ICDE.2009.64}, 
ISSN={1084-4627},}

@article{Cheng,
 author = {Cheng, James and Shang, Zechao and Cheng, Hong and Wang, Haixun and Yu, Jeffrey Xu},
 title = {K-reach: who is in your small world},
 journal = {Proc. VLDB Endow.},
 issue_date = {July 2012},
 volume = {5},
 number = {11},
 month = jul,
 year = {2012},
 issn = {2150-8097},
 pages = {1292--1303},
 numpages = {12},
 url = {http://dl.acm.org/citation.cfm?id=2350229.2350247},
 acmid = {2350247},
 publisher = {VLDB Endowment},
} 

@article{Ma,
 author = {Ma, Shuai and Cao, Yang and Fan, Wenfei and Huai, Jinpeng and Wo, Tianyu},
 title = {Capturing topology in graph pattern matching},
 journal = {Proc. VLDB Endow.},
 issue_date = {December 2011},
 volume = {5},
 number = {4},
 month = dec,
 year = {2011},
 issn = {2150-8097},
 pages = {310--321},
 numpages = {12},
 url = {http://dl.acm.org/citation.cfm?id=2095686.2095690},
 acmid = {2095690},
 publisher = {VLDB Endowment},
}

@article{Sun,
 author = {Sun, Zhao and Wang, Hongzhi and Wang, Haixun and Shao, Bin and Li, Jianzhong},
 title = {Efficient subgraph matching on billion node graphs},
 journal = {Proc. VLDB Endow.},
 issue_date = {May 2012},
 volume = {5},
 number = {9},
 month = may,
 year = {2012},
 issn = {2150-8097},
 pages = {788--799},
 numpages = {12},
 url = {http://dl.acm.org/citation.cfm?id=2311906.2311907},
 acmid = {2311907},
 publisher = {VLDB Endowment},
}

@inproceedings{Fan,
 author = {Fan, Wenfei},
 title = {Graph pattern matching revised for social network analysis},
 booktitle = {Proceedings of the 15th International Conference on Database Theory},
 series = {ICDT '12},
 year = {2012},
 isbn = {978-1-4503-0791-8},
 location = {Berlin, Germany},
 pages = {8--21},
 numpages = {14},
 url = {http://doi.acm.org/10.1145/2274576.2274578},
 doi = {10.1145/2274576.2274578},
 acmid = {2274578},
 publisher = {ACM},
 address = {New York, NY, USA},
}

@inproceedings{He,
 author = {He, Huahai and Singh, Ambuj K.},
 title = {Graphs-at-a-time: query language and access methods for graph databases},
 booktitle = {Proceedings of the 2008 ACM SIGMOD international conference on Management of data},
 series = {SIGMOD '08},
 year = {2008},
 isbn = {978-1-60558-102-6},
 location = {Vancouver, Canada},
 pages = {405--418},
 numpages = {14},
 url = {http://doi.acm.org/10.1145/1376616.1376660},
 doi = {10.1145/1376616.1376660},
 acmid = {1376660},
 publisher = {ACM},
 address = {New York, NY, USA},
 keywords = {graph algebra, graph query language, query optimization},
} 

@MISC{kgraph,
author = {Google Inc.},
title = {Knowledge Graph},
month = dec,
year = {2012},
howpublished={\url{http://www.google.com/insidesearch/features/search/knowledge.html}},
}

@inproceedings{pregel,
 author = {Malewicz, Grzegorz and Austern, Matthew H. and Bik, Aart J.C and Dehnert, James C. and Horn, Ilan and Leiser, Naty and Czajkowski, Grzegorz},
 title = {Pregel: a system for large-scale graph processing},
 booktitle = {Proceedings of the 2010 ACM SIGMOD International Conference on Management of data},
 series = {SIGMOD '10},
 year = {2010},
 isbn = {978-1-4503-0032-2},
 location = {Indianapolis, Indiana, USA},
 pages = {135--146},
 numpages = {12},
 url = {http://doi.acm.org/10.1145/1807167.1807184},
 doi = {10.1145/1807167.1807184},
 acmid = {1807184},
 publisher = {ACM},
 address = {New York, NY, USA},
 keywords = {distributed computing, graph algorigthms},
} 

@MISC{neo,
author = {Neo4j},
title = {Neo4j},
month = dec,
year = {2012},
howpublished={\url{http://www.neo4j.org/}},
}

@MISC{graphdb,
author = {Sones},
title = {GraphDB},
month = dec,
year = {2012},
howpublished={\url{http://www.sones.de/static-en/}},
}

@MISC{flock,
author = {Twitter},
title = {FlockDB},
month = may,
year = {2010},
howpublished={\url{http://engineering.twitter.com/2010/05/introducing-flockdb.html}},
}

@MISC{matrix,
author = {Twitter},
title = {FlockDB},
month = may,
year = {2010},
howpublished={\url{http://engineering.twitter.com/2010/05/introducing-flockdb.html}},
}